%
% CVODE  user guide
%
@techreport{cvode_ug,
author={A. C. Hindmarsh and R. Serban},
title={{User Documentation for CVODE v2.2.0}},
institution={LLNL},
number={UCRL-SM-208108},
year=2004
}
%
% CVODE examples
%
@techreport{cvode_ex,
author={A. C. Hindmarsh and R. Serban},
title={{Example Programs for CVODE v2.2.0}},
institution={LLNL},
note={UCRL-SM-208110},
year=2004
}
%
% CVODES user guide
%
@techreport{cvodes_ug,
author={A. C. Hindmarsh and R. Serban},
title={{User Documentation for CVODES v2.1.0}},
institution={LLNL},
note={UCRL-SM-208111},
year=2004
}
%
% CVODES examples
%
@techreport{cvodes_ex,
author={A. C. Hindmarsh and R. Serban},
title={{Example Programs for CVODES v2.1.0}},
institution={LLNL},
number={UCRL-SM-208115},
year=2004
}
%
% IDA  user guide
%
@techreport{ida_ug,
author={A. C. Hindmarsh and R. Serban},
title={{User Documentation for IDA v2.2.0}},
institution={LLNL},
number={UCRL-SM-208112},
year=2004
}
%
% IDA  examples
%
@techreport{ida_ex,
author={A. C. Hindmarsh and R. Serban},
title={{Example Programs for IDA v2.2.0}},
institution={LLNL},
number={UCRL-SM-208113},
year=2004
}
%
% IDAS 0.1 user guide
%
@techreport{idas0.1_ug,
author={A. C. Hindmarsh and R. Serban},
title={{User Documentation for IDAS v0.1}},
institution={LLNL},
note={In preparation},
year=2004
}
%
% IDAS 0.1 examples
%
@techreport{idas0.1_ex,
author={A. C. Hindmarsh and R. Serban},
title={{Example Programs for IDAS v0.1}},
institution={LLNL},
note={In preparation},
year=2004
}
%
% KINSOL  user guide
%
@techreport{kinsol_ug,
author={A. M. Collier and A. C. Hindmarsh and R. Serban and C.S. Woodward},
title={{User Documentation for KINSOL v2.2.0}},
institution={LLNL},
number={UCRL-SM-208116},
year=2004
}
%
% KINSOL  examples
%
@techreport{kinsol_ex,
author={A. M. Collier and R. Serban},
title={{Example Programs for KINSOL v2.2.0}},
institution={LLNL},
number={UCRL-SM-208114},
year=2004
}

%
% Upcoming SUNDIALS article
%
@article{HBGLSSW:04,
author={A. C. Hindmarsh and P. N. Brown and K. E. Grant and S. L. Lee 
        and R. Serban and D. E. Shumaker and C. S. Woodward},
title={\mbox{SUNDIALS}, Suite of Nonlinear and Differential/Algebraic Equation Solvers},
journal={ACM Trans. Math. Softw.},
number={in press},
year=2004
}
% 
