% Extensive bib file for SUNDIALS
%
% Label convention:
%   One author:   first three letters of last name : two digit year
%   Two authors:  first two letters of last names : two digit year
%   More authors: first letter of last names : two digit year
%
%
@article{ACR:79,
author={{Ascher, U.M., Christiansen, J., and Russel, R.D.}},
title={{A collocation solver for mixed order systems of boundary
        value problems}},
journal={Math. Comp.},
volume={33},
pages={659-679},
year={1979}
}
@book{AMR:95,
author={{Ascher, U.M., Mattheij, R.M., and Russell, R.D.}},
title={{Numerical solution of boundary value problems for ordinary differential equations}},
publisher={SIAM},
address={Philadelphia, Pa},
year=1995
}
@article{AsPe:93,
author={{Ascher, U.M. and Petzold, L.R.}},
title={{Stability of computational methods for constrained dynamics systems}},
journal={SIAM J. Sci. Comput.},
volume={14(1)},
year={1993}
}
@book{AsPe:98,
author={{Ascher, U.M. and Petzold, L.R.}},
title={{Computer methods for ordinary differential equations and 
        differential-algebraic equations}},
publisher={SIAM},
address={Philadelphia, Pa},
year={1998}
}
@article{Bal:96a,
author={{Balla, K.}},
title={{Linear subspaces for linear DAEs of index 1}},
journal={Computers Math. Applic.},
volume={32(4/5)},
pages={81--86},
year=1996
}
@article{Bal:96b,
author={{Balla, K.}},
title={{Boundary conditions and their transfer for 
        differential algebraic equations of index 1}},
journal={Computers Math. Applic.},
volume={31(10)},
pages={1--5},
year=1996
}
@article{BaMa:96,
author={{Balla, K. and M\"{a}rz, R.}},
title={{Transfer of boundary conditions for DAEs of index 1}},
journal={SIAM J. Numer. Anal.},
volume={33(6)},
pages={2318--2332},
year=1996
}
@article{BaMa:00,
author={{Balla, K. and M\"{a}rz, R.}},
title={{An unified approach to
linear differential algebraic equations and their adjoint equations}},
journal={Institute of Mathematics Technical Report, Humboldt University, Berlin},
year=2000
}
@article{BaMa:99,
author={{Balla, K. and M\"{a}rz, R.}},
title={{Linear differential algebraic equations of index 1
        and their adjoint equations}},
journal={Results in Mathematics},
volume={37},
pages={13-35},
year=2000
}
%
% ADIFOR
%
@article{BCCGH:92,
author={{Bischof, C., Carle, A., Corliss, G., Griewank, A., and Hovland, P.}},
title={{ADIFOR - Generating derivative codes from Fortran programs}}, 
journal={Scientific Programming},
volume={1},
pages= {11-29},
year=1992
}
%
% DASSL
%
@book{BCP:89,
author={{Brenan, K.E., Campbell, S.L., and Petzold, L.R.}},
title={{Numerical Solution of Initial-Value Problems in Differential-Algebraic Equations}},
publisher={SIAM},
address={Philadelphia, Pa},
year=1996
}
%
% VODE
%
@article{BBH:89,
author={{{Brown, P.N., Byrne, G.D. and Hindmarsh, A.C.}},
title={{VODE, a Variable-Coefficient ODE Solver}},
journal={SIAM J. Sci. Stat. Comput.},
volume={10},
pages={1038--1051},
year=1989
}
@article{BrHi:89,
author={{Brown, P.N. and Hindmarsh, A.C.}},
title={{Reduced Storage Matrix Methods in Stiff ODE Systems}},
journal={J. Appl. Math. \& Comp.},
volume={31},
pages={49--91},
year=1989
}
%
% DASPK
%
@article{BHP:94,
author={{Brown, P.N., Hindmarsh, A.C., and Petzold, L.R.}},
title={{Using Krylov methods in the solution of large-scale differential-algebraic systems}},
journal={SIAM J. Sci. Comput.},
volume={},
pages={1467--1488},
year=1994
}
%
% Consistent initialization for DAE
%
@article{BHP:98,
author={{Brown, P.N., Hindmarsh, A.C., and Petzold, L.R.}},
title={{Consistent Initial Condition Calculation for Differential-Algebraic Systems}},
journal={SIAM J. Sci. Comput.},
volume={19},
pages={1495--1512},
year=1998
}
%
% NKSOL
%
@article{BrSa:90,
author={{Brown, P.N. and Saad, Y.}},
title={{Hybrid Krylov methods for nonlinear systems of equations}},
journal={SIAM J. Sci. Stat. Comput.},
volume={11},
pages={450--481},
year=1990
}
%
% VODPK
%
@inproceedings{Byr:92,
author={{Byrne, G.D.}},
title={{Pragmatic Experiments with Krylov Methods in the Stiff ODE Setting}},
booktitle={Computational Ordinary Differential Equations},
editor={Cash, J.R. and Gladwell, I.},
publisher={Oxford University Press},
address={Oxford},
pages={323--356},
year=1992
}
%
% PVODE ser guide
%
@techreport{ByHi:98,
author={{Byrne, G.D. and Hindmarsh, A.C.}},
title={{User Documentation for PVODE, An ODE Solver for Parallel Computers}},
institution={LLNL},
number={UCRL-ID-130884},
month=may, year=1998
}
%
% PVODE
% 
@article{ByHi:99,
author={{Byrne, G.D. and Hindmarsh, A.C.}},
title={{PVODE, An ODE Solver for Parallel Computers}},
journal={Intl. J. High Perf. Comput. Apps.},
volume={13(4)},
pages={254--365},
year=1999
}
%
% Adjoint sensitivity
%
@article{Cac:81a,
author={{Cacuci, D.G.}},
title={{Sensitivity theory for nonlinear systems. I. 
        Nonlinear functional analysis approach}},
journal={J. Math. Phys.},
volume={22(12)},
pages={2794-2802},
year=1981
}
%
% Adjoint sensitivity
%
@article{Cac:81b,
author={{Cacuci, D.G.}},
title={{Sensitivity theory for nonlinear systems. II. 
        Extension to additional classes of responses}},
journal={J. Math. Phys.},
volume={22(12)},
pages={2803-2812},
year=1981
}
%
% DAE Adjoint sensitivity
%
@article{CLPS:03,
author	= {{Cao, Y., Li, S., Petzold, L.R. and Serban, R.}},
title   = {{Adjoint sensitivity analysis for differential-algebraic equations: 
           The Adjoint DAE System and its Numerical Solution}},
journal = {SIAM J. Sci. Comput.},
volume  = {24(3)},
pages   = {1076--1089},
year	= 2003
}
@article{CBT:91,
author={{Campbell, S.L., Bichols, N.K., and Terrel, W.J.}},
title={{Duality, observability and controllability for linear time-varying systems}},
journal={Circuits, Systems, Signal Process},
volume={10(4)},
pages={455--470},
year=1991
}
%
% Staggered direct method for forward sensitivity
%
@article{CaSt:85,
author={{Caracotsios, M. and Stewart, W.E.}},
title={{Sensitivity analysis of initial value problems with 
        mixed ODEs and algebraic equations}},
journal={Computers and Chemical Engineering},
volume={9},
pages={359-365},
year=1985
}
@book{CoLe:55,
author={{Coddington, E.A. and Levinson, N.}},
title={{Theory of Ordinary Differential Equations}},
publisher={McGraw-Hill},
address={New York},
year=1955
}
%
% CVODE User guide
%
@techreport{CoHi:94,
author={{Cohen, S.D. and Hindmarsh, A.C.}},
title={{CVODE User Guide}},
institution={LLNL},
number={UCRL-MA-118618},
month=sep, year=1994
}
%
% CVODE
% 
@article{CoHi:96,
author={{Cohen, S.D. and Hindmarsh, A.C.}},
title={{CVODE, a Stiff/Nonstiff ODE Solver in C}},
journal={Computers in Physics},
volume={10(2)},
pages={138--143},
year=1996
}
@article{DiEi:99,
author={{Dieci, L. and Eirola, T.}},
title={{On smooth decompositions of matrices}},
journal={SIAM J. Matrix Anal. Appl.},
volume={20(4)},
pages={800--819},
year=1999
}
@article{EiWa:96,
author={{Eisenstat, S.C. and Walker, H.F.}},
title={{Choosing the Forcing Terms in an Inexact Newton Method}},
journal={SIAM J. Sci. Comput.},
volume={17},
pages={16--32},
year=1996
}
@article{Err:97,
author={{Errico, R.M.}},
title={{What is an adjoint model?}},
journal={Bulletin of the American Meteorological Society},
volume={78(11)},
pages={2577-2591},
year=1997
}
%
% Staggered corrector method for forward sensitivity
%
@article{FTB:97,
author={{Feehery, W.F., Tolsma, J.E., and Barton, P.I.}},
title={{Efficient sensitivity analysis of large-scale differential-algebraic systems}},
journal={Applied Numer. Math.},
volume={25(1)},
pages={41--54},
year=1997
}
@article{GhBa:97,
author = {{Ghattas, O. and Bark, J.-H.}},
title =  {{Optimal Control of Two- and Three-Dimensional Incompressible
          Navier-Stokes Flows}}, 
journal = {Journal of Computational Physics},
volume = {136},
pages = {231-244},
year = 1997
}
%
% TAMC: reverse automatic differentiation (Fortran)
%
@article{GiKa:98,
author={{Giering, R. and Kaminski, T.}},
title={{Recipes for adjoint code construction}},
journal={ACM Transactions on Mathematical Software},
volume={24(4)},
pages={437-474},
year=1998
}
@article{GiPi:97,
author={{Giles, M.B. and Pierce, N.A.}},
title={{Adjoint equations in CFD: duality, boundary conditions and solution behavior}},
journal={AIAA Paper 97-1850},
volume={AIAA, New York},
year=1997
}
@article{GJLPS:98,
author={{Gill, P.E., Jay, L.O., Leonard, M.W., Petzold, L.R., and Sharma, V.}},
title={{An SQP Method for the Optimal Control of Large-Scale Dynamical Systems}},
journal={J. Comp. Appl. Math.},
volume={20},
pages={197-213},
year=2000
}
@book{GoVL:96,
author={{Golub, G.H. and Van Loan, C.F.}},
title={{Matrix computations}},
publisher={The Johns Hopkins University Press},
address={Baltimore, Md},
year=1996
}
%
% SensKINSOL user guide
%
@techreport{GHT:03,
author={{Grant, K.E., Hindmarsh, A.C., and Taylor, A.G.}},
title={{User Documentation for SensKINSOL, a Variant of KINSOL for Sensitivity
        Analysis}},
institution={LLNL},
number={in preparation},
year=2003
} 
@book{HWN:87,
author={{Hairer, E., Norsett, S.P., and Wanner, G.}},
title={{Solving ordinary differential equations I}},
publisher={Springer-Verlag},
address={Berlin},
year=1987
}
@book{HaWa:91,
author={{Hairer, E. and Wanner, G.}},
title={{Solving ordinary differential equations II, Stiff and Differential-Algebraic Problems}},
publisher={Springer-Verlag},
address={Berlin},
year=1991
}
@article{HMM:98,
author={{Hanke, M., Macana, E.I., and M\"{a}rz, R.}},
title={{On asymptotics in case of linear index-2 differential-algebraic
equations}},
journal={SIAM J. Numer. Anal.}, 
volume={35}, 
pages={1326--1346},
year=1998
}
@article{Hin:95,
author={{Hindmarsh, A.C.}},
title={{Avoiding BDF Stability Barriers in the MOL
        Solution of Advection-Dominated Problems}},
journal={Appl. Num. Math.},
volume={17},
pages={311--318},
year=1995
}
%
% PVODE & IDA
%
@techreport{Hin:00,
author={{Hindmarsh, A.C.}},
title={{The PVODE and IDA Algorithms}},
institution={LLNL},
number={UCRL-ID-141558},
month=dec, year=2000
}
%
% CVODES user guide
%
@techreport{HiSe:02,
author={{Hindmarsh, A.C. and Serban, R.}},
title={{User Documentation for CVODES, An ODE Solver with Sensitivity 
        Analysis Capabilities}},
institution={LLNL},
number={UCRL-MA-148813},
month=jul, year=2002
}
%
% IDA user guide
% 
@techreport{HiTa:99,
author={{Hindmarsh, A.C. and Taylor, A.G.}},
title={{User Documentation for IDA, a Differential-Algebraic Equation Solver 
        for Sequential and Parallel Computers}},
institution={LLNL},
number={UCRL-MA-136910},
month=dec, year=1999
} 
@book{Kel:68,
author={{Keller, H.B.}},
title={{Numerical methods for two-point boundary-value problems}},
publisher={Blaisdel},
address={Waltham, Ma},
year=1968
}
@article{KBYPT:97,
author={{Knapp, D., Barocas, V., Yoo, K., Petzold, L.R., and Tranquillo, R.}},
title={{Rheology of reconstituted type I collagen gel in confined compression}},
journal={J. Rheology},
volume={41},
pages={971--993},
year=1997
}
%
% SensPVODE user guide
%
@techreport{LHB:00,
author={{Lee, S.L., Hindmarsh, A.C., and Brown, P.N.}},
title={{User Documentation for SensPVODE, A Variant of PVODE for Sensitivity Analysis}},
institution={LLNL},
number={UCRL-MA-140211},
month=aug, year=2000
} 
%
% SensIDA user guide
%
@techreport{LHB:00,
author={{Lee, S.L. and Hindmarsh, A.C.}},
title={{User Documentation for SensIDA, A Variant of IDA for Sensitivity Analysis}},
institution={LLNL},
number={in preparation},
month=aug, year=2003
} 
@article{Lew:98,
author={{Lewis, R.M.}},
title={{Numerical computation of sensitivities and the
        adjoint approach}},
journal={ICASE technical report},
volume={97-61},
year=1997
}
%
% DASPK3.0 description
%
@article{LiPe:99a,
author={{Li, S. and Petzold, L.R.}},
title={{Software and algorithms for sensitivity analysis of large-scale
        differential-algebraic systems}},
journal={Journal of Computational and Applied Mathematics},
volume={125},
pages={131-145},
year=2000
}
@techreport{LiPe:99b,
author={{Li, S. and Petzold, L.R.}},
title={{Design of new DASPK for sensitivity analysis}},
institution={Dept. of Computer Science, UCSB},
year=1999
}
%
% Comparison of methods for forward sensitivity
%
@article{LPZ:99,
author={{Li, S., Petzold, L.R., and Zhu, W.}},
title={{Sensitivity analysis of differential-algebraic equations: A comparison of methods
on a special problem}},
journal={Applied Num. Math.},
volume={32},
pages={161--174},
year=2000
}
@article{Mac:99a,
author={{Machiels, L.}},
title={{A posteriori finite element output bounds for discontinuous Galerkin discretizations of parabolic problems}},
journal={Lawrence Livermore National Laboratory technical report},
volume={UCRL-JC-136614},
year=1999
}
@article{MaMaPa:99,
author={{Machiels, L., Maday, Y., and Patera, A.T.}},
title={{Output bounds for reduced-order approximations of elliptic partial differential equations}},
journal={MIT technical report},
volume={FML 99-5-1},
year=1999
}
%
% Adjoint equations (formal approach)
%
@book{MAS:96,
author={{Marchuk, G.I., Agoshkov, V.I., and Shutyaev, V.P.}},
title={{Adjoint equations and perturbation algorithms}},
publisher={CRC Press},
address={Boca Raton, Fl},
year=1996
}
%
% Simultaneous corrector method for forward sensitivity
%
@article{MaPe:97,
author={{Maly, T. and Petzold, L.R.}},
title={{Numerical methods and software for sensitivity 
        analysis of differential-algebraic systems}},
journal={Applied Numerical Mathematics}, 
volume={20},
pages={57-79},
year=1997
}
@article{Mar:00,
author={{M\"{a}rz, R.}},
title={{Differential algebraic systems anew}},
journal={Institute of Mathematics Technical Report, Humboldt University, Berlin},
year=2000
}
%
% Optimal control w/ forward sensitivities (cooptFM application)
%
@article{RKSP:98,
author={{Raja, L.L., Kee, R.J., Serban, R., and Petzold, L.R.}},
title={{Computational algorithm for dynamic optimization of chemical vapor
deposition processes in stagnation flow reactors}},
journal={J. Electrochemical Soc.},
volume={147(7)},
pages={2718--2726},
year=2000
}
%
% GMRES
%
@article{SaSc:86,
author={{Saad, Y. and Schultz, M.H.}},
title={{GMRES: A Generalized Minimal Residual
        Algorithm for Solving Nonsymmetric Linear Systems}},
journal={SIAM J. Sci. Stat. Comp.},
volume={7},
pages={856--869},
year=1986
}
%
% cooptFM description
%
@article{SePe:01,
author={{Serban, R. and Petzold, L.R.}},
title={{COOPT - A Software Package for Optimal Control of Large-Scale
        Differential-Algebraic Equation Systems}},
journal={J. Math. Comp. Sim.},
volume={56(2)},
pages={187--203},
year=2001
}
%
% ODE BVP adjoint sensitivity analysis
%
@article{SePe:02,
author={{Serban, R. and Petzold, L.R.}},
title={{Efficient Computation of Sensitivities for Ordinary Differential 
        Equation Boundary Value Problems}},
journal={SIAM J. Num. An.},
volume={40(1)},
pages={220--232},
year=2002
}
%
% KINSOL user guide
%
@techreport{TaHi:98,
author={{Taylor, A.G. and Hindmarsh, A.C.}},
title={{User Documentation for KINSOL, A Nonlinear Solver for Sequential 
        and Parallel Computers}},
institution={LLNL},
number={UCRL-ID-131185},
month=jul, year=1998
} 
%
% Problem test for PVODE
%
@techreport{Wit:96,
author={{Wittman, M.R.}},
title={{Testing of PVODE, a Parallel ODE Solver}},
institution={LLNL},
number={UCRL-ID-125562},
month=aug, year=1996
} 
